% From the Overleaf Citations reference page https://www.overleaf.com/learn/latex/Bibliography_management_with_biblatex

@online{zpz_gradient_boosting,
  author  = {Zepu Zhang},
  title   = {Understanding Gradient Boosting Tree for Binary Classification},
  year    = {2018},
  url     = {https://zpz.github.io/blog/gradient-boosting-tree-for-binary-classification/},
  urldate = {2024-02-23} 
}

@misc{brownlee2018,
  author = {Jason Brownlee},
  title = {How to Implement Random Forest From Scratch in Python},
  year = {2018},
  howpublished = {\url{https://machinelearningmastery.com/implement-random-forest-scratch-python/}},
  urldate = {2024-02-25}
}


@misc{carbonati_rf_scratch,
  author = {Carbonati},
  title = {Random Forests from Scratch},
  year = {2016},
  howpublished = {\url{https://carbonati.github.io/posts/random-forests-from-scratch/}},
  urldate = {2024-02-25}
}

@misc{enoz_rf_medium,
  author = {Enozeren},
  title = {Building a Random Forest Model From Scratch},
  year = {2023},
  howpublished = {\url{https://medium.com/@enozeren/building-a-random-forest-model-from-scratch-81583cbaa7a9}},
  urldate = {2024-02-25}
}

@online{fernandez_decision_tree,
  author  = {Ander Fernandez},
  title   = {How to Code a Decision Tree in Python from Scratch},
  year    = {2021},
  url     = {https://anderfernandez.com/en/blog/code-decision-tree-python-from-scratch/},
  urldate = {2024-02-25}
}

@online{bhiksha,
  author  = {Bhiksha Raj},
  title   = {Decision Trees},
  year    = {2016},
  url     = {https://www.cs.cmu.edu/~bhiksha/courses/10-601/decisiontrees/},
  urldate = {2024-02-25}
}

@online{bernstein,
  author  = {Matthew N. Bernstein},
  title   = {Random Forests},
  year    = {2017},
  url     = {https://pages.cs.wisc.edu/~matthewb/pages/notes/pdf/ensembles/RandomForests.pdf},
  urldate = {2024-02-25}
}
